<record><leader>00000cas a22000007a 4500</leader><controlfield tag="001">13350810</controlfield><controlfield tag="008">860327d186418uulauwr ne      0    0eng d</controlfield><datafield ind1=" " ind2=" " tag="010"><subfield code="a">sn 86079115 </subfield></datafield><datafield ind1=" " ind2=" " tag="040"><subfield code="a">NPU</subfield><subfield code="b">eng</subfield><subfield code="c">NPU</subfield><subfield code="d">OCLCQ</subfield></datafield><datafield ind1=" " ind2=" " tag="042"><subfield code="a">msc</subfield></datafield><datafield ind1="0" ind2=" " tag="130"><subfield code="a">Union guidon (Thibodaux, La. : 1864)</subfield></datafield><datafield ind1="1" ind2="4" tag="245"><subfield code="a">The Union guidon.</subfield></datafield><datafield ind1=" " ind2=" " tag="260"><subfield code="a">Thibodaux [La.] :</subfield><subfield code="b">Carpenter &amp; Gazlay,</subfield><subfield code="c">1864.</subfield></datafield><datafield ind1=" " ind2=" " tag="300"><subfield code="a">v. ;</subfield><subfield code="c">55 cm.</subfield></datafield><datafield ind1=" " ind2=" " tag="310"><subfield code="a">Weekly</subfield></datafield><datafield ind1="0" ind2=" " tag="362"><subfield code="a">Vol. 1, no. 1 (May 18, 1864)-</subfield></datafield><datafield ind1=" " ind2=" " tag="500"><subfield code="a">Editors: J. Carpenter &amp; D.W. Gazlay, &lt;1864&gt;.</subfield></datafield><datafield ind1=" " ind2=" " tag="500"><subfield code="a">"A weekly journal to be particularly devoted to the interests of "Scott's 900" Cavalry [11th New York]." Cf. Smith, T. Story of a Cavalry Regiment, [189-].</subfield></datafield><datafield ind1=" " ind2=" " tag="500"><subfield code="a">Published on Wednesday.</subfield></datafield><datafield ind1=" " ind2=" " tag="752"><subfield code="a">United States</subfield><subfield code="b">Louisiana</subfield><subfield code="d">Thibodaux.</subfield></datafield><datafield ind1="1" ind2=" " tag="029"><subfield code="a">AU@</subfield><subfield code="b">000025811278</subfield></datafield></record>